<record><leader>00000cas a22000007a 4500</leader><controlfield tag="001">24608563</controlfield><controlfield tag="008">911023d195u197umauwr ne      0    0eng d</controlfield><datafield ind1=" " ind2=" " tag="010"><subfield code="a">sn 91058134 </subfield></datafield><datafield ind1=" " ind2=" " tag="040"><subfield code="a">MGN</subfield><subfield code="b">eng</subfield><subfield code="c">MGN</subfield><subfield code="d">OCLCQ</subfield></datafield><datafield ind1=" " ind2=" " tag="042"><subfield code="a">msc</subfield></datafield><datafield ind1="0" ind2="0" tag="245"><subfield code="a">Hull news-mirror.</subfield></datafield><datafield ind1="3" ind2="0" tag="246"><subfield code="a">Hull mirror</subfield></datafield><datafield ind1=" " ind2=" " tag="260"><subfield code="a">Hull, Mass. :</subfield><subfield code="b">Hull News Pub. Co.</subfield></datafield><datafield ind1=" " ind2=" " tag="300"><subfield code="a">v.</subfield></datafield><datafield ind1=" " ind2=" " tag="310"><subfield code="a">Weekly</subfield></datafield><datafield ind1=" " ind2=" " tag="500"><subfield code="a">Title varies slightly.</subfield></datafield><datafield ind1=" " ind2=" " tag="500"><subfield code="a">Issue for May 24, 1962 has title: Hull mirror.</subfield></datafield><datafield ind1=" " ind2=" " tag="500"><subfield code="a">Published in North Scituate [Scituate], Mass., &lt;May 24, 1962-Jan. 3, 1974&gt;.</subfield></datafield><datafield ind1=" " ind2=" " tag="588"><subfield code="a">Description based on: Vol. 19, no. 19 (Apr. 9, 1959).</subfield></datafield><datafield ind1=" " ind2=" " tag="752"><subfield code="a">United States</subfield><subfield code="b">Massachusetts</subfield><subfield code="c">Plymouth</subfield><subfield code="d">Scituate.</subfield></datafield><datafield ind1=" " ind2=" " tag="752"><subfield code="a">United States</subfield><subfield code="b">Massachusetts</subfield><subfield code="c">Plymouth</subfield><subfield code="d">Hull.</subfield></datafield><datafield ind1="0" ind2="0" tag="780"><subfield code="t">Hull news</subfield><subfield code="w">(DLC)sn 89062260</subfield></datafield></record>